<record><leader>00000cas a2200000 a 4500</leader><controlfield tag="001">18083534</controlfield><controlfield tag="008">880614d17781791ctuwr nec     0    0eng c</controlfield><datafield ind1=" " ind2=" " tag="010"><subfield code="a">sn 97070747 </subfield></datafield><datafield ind1=" " ind2=" " tag="040"><subfield code="a">EEM</subfield><subfield code="b">eng</subfield><subfield code="c">EEM</subfield><subfield code="d">MHN</subfield><subfield code="d">OCL</subfield><subfield code="d">OCLCQ</subfield><subfield code="d">OCLCG</subfield><subfield code="d">BUF</subfield><subfield code="d">OCLCQ</subfield></datafield><datafield ind1=" " ind2=" " tag="042"><subfield code="a">pcc</subfield></datafield><datafield ind1="1" ind2="4" tag="050"><subfield code="a">AP2.A2</subfield><subfield code="b">A63 Box 86</subfield></datafield><datafield ind1="0" ind2="4" tag="245"><subfield code="a">The Connecticut courant and the weekly intelligencer.</subfield></datafield><datafield ind1="3" ind2="0" tag="246"><subfield code="a">Connecticut courant and weeky intelligencer</subfield></datafield><datafield ind1="3" ind2="0" tag="246"><subfield code="a">Connecticut courant</subfield></datafield><datafield ind1=" " ind2=" " tag="260"><subfield code="a">Hartford, Conn. :</subfield><subfield code="b">Printed by Watson &amp; Goodwin,</subfield><subfield code="c">1778-1791.</subfield></datafield><datafield ind1=" " ind2=" " tag="300"><subfield code="a">volumes</subfield></datafield><datafield ind1=" " ind2=" " tag="310"><subfield code="a">Weekly</subfield></datafield><datafield ind1=" " ind2=" " tag="336"><subfield code="a">text</subfield><subfield code="b">txt</subfield><subfield code="2">rdacontent</subfield></datafield><datafield ind1=" " ind2=" " tag="337"><subfield code="a">microform</subfield><subfield code="b">h</subfield><subfield code="2">rdamedia</subfield></datafield><datafield ind1=" " ind2=" " tag="338"><subfield code="a">microopaque</subfield><subfield code="b">hg</subfield><subfield code="2">rdacarrier</subfield></datafield><datafield ind1="0" ind2=" " tag="362"><subfield code="a">No. 695 (May 19, 1778)-no. 1364 (Mar. 14, 1791).</subfield></datafield><datafield ind1=" " ind2=" " tag="500"><subfield code="a">Printed by: Hudson &amp; Goodwin, 1779-1781.</subfield></datafield><datafield ind1=" " ind2=" " tag="504"><subfield code="a">Includes bibliographical references (Evans 15772; Brigham, C.S. Amer. newspapers, page 22).</subfield></datafield><datafield ind1=" " ind2=" " tag="533"><subfield code="a">Microopaque.</subfield><subfield code="b">New York:</subfield><subfield code="c">Readex Microprint: American Antiquarian Society,</subfield><subfield code="d">1975.</subfield><subfield code="e">224 microopaques.</subfield><subfield code="f">(Early American newspapers, 1704-1820).</subfield></datafield><datafield ind1="1" ind2=" " tag="700"><subfield code="a">Watson, Hannah,</subfield><subfield code="d">1749-1847.</subfield></datafield><datafield ind1="1" ind2=" " tag="700"><subfield code="a">Goodwin, George,</subfield><subfield code="d">1757-1844.</subfield></datafield><datafield ind1="1" ind2=" " tag="700"><subfield code="a">Hudson, Barzillai,</subfield><subfield code="d">1741-1823.</subfield></datafield><datafield ind1=" " ind2=" " tag="752"><subfield code="a">United States</subfield><subfield code="b">Connecticut</subfield><subfield code="c">Hartford</subfield><subfield code="d">Hartford.</subfield></datafield><datafield ind1="1" ind2=" " tag="776"><subfield code="c">Original</subfield><subfield code="w">(DLC)sn 84023855</subfield><subfield code="w">(OCoLC)11079294</subfield></datafield><datafield ind1="0" ind2="0" tag="780"><subfield code="t">Connecticut courant (Hartford, Conn. : 1778)</subfield><subfield code="w">(OCoLC)18083543</subfield></datafield><datafield ind1="0" ind2="0" tag="785"><subfield code="t">Connecticut courant (Hartford, Conn. : 1791)</subfield><subfield code="w">(OCoLC)18083523</subfield></datafield><datafield ind1=" " ind2="0" tag="830"><subfield code="a">Early American newspapers, 1704-1820.</subfield></datafield><datafield ind1="1" ind2=" " tag="029"><subfield code="a">AU@</subfield><subfield code="b">000013446407</subfield></datafield></record>